@article{basu1977investment,
  title={Investment performance of common stocks in relation to their price-earnings ratios: A test of the efficient market hypothesis},
  author={Basu, Sanjoy},
  journal={The journal of Finance},
  volume={32},
  number={3},
  pages={663--682},
  year={1977},
  publisher={Wiley Online Library}
}

@article{chen1998risk,
  title={Risk and return of value stocks},
  author={Chen, Nai-fu and Zhang, Feng},
  journal={The Journal of Business},
  volume={71},
  number={4},
  pages={501--535},
  year={1998},
  publisher={JSTOR}
}

@article{brinson1985measuring,
  title={Measuring non-US. equity portfolio performance},
  author={Brinson, Gary P and Fachler, Nimrod},
  journal={The Journal of Portfolio Management},
  volume={11},
  number={3},
  pages={73--76},
  year={1985},
  publisher={Institutional Investor Journals Umbrella}
}

@article{miller,
 author = {Merton H. Miller and Franco Modigliani},
 journal = {The Journal of Business},
 number = {4},
 pages = {411--433},
 publisher = {University of Chicago Press},
 title = {Dividend Policy, Growth, and the Valuation of Shares},
 volume = {34},
 year = {1961}
}

@article{suwanna2012impacts,
  title={Impacts of dividend announcement on stock return},
  author={Suwanna, Thanwarat},
  journal={Procedia-Social and Behavioral Sciences},
  volume={40},
  pages={721--725},
  year={2012},
  publisher={Elsevier}
}

@book{campbell2017financial,
  title={Financial decisions and markets: a course in asset pricing},
  author={Campbell, John Y},
  year={2017},
  publisher={Princeton University Press}
}

@article{o1991beating,
  title={Beating the Dow: a high-return, low-risk method for investing in the Dow Jones industrial stocks with as little as $5,000},
  author={O'higgins, Michael and Downes, John},
  journal={(No Title)},
  year={1991}
}
@phdthesis{fakir2013dividend,
  title={Dividend yield as a superior investment strategy},
  author={Fakir, Rashaad and others},
  year={2013},
  school={University of Pretoria}
}

@book{gardner2002motley,
  title={The Motley Fool Investment Guide for Teens: 8 Steps to Having More Money Than Your Parents Ever Dreamed Of},
  author={Gardner, David and Gardner, Tom and Maranjian, Selena},
  volume={10},
  year={2002},
  publisher={Simon and Schuster}
}

@book{damodaran2004investment,
  title={Investment fables: Exposing the myths of" Can't Miss" investment strategies},
  author={Damodaran, Aswath},
  year={2004},
  publisher={FT Press}
}

@article{baker2009understanding,
  title={Dividend policy decisions},
  author={Ben-David, Itzhak},
  journal={Behavioral Finance},
  volume={435},
  year={2010},
  publisher={Wiley Online Library}
}

@article{conover2016difference,
  title={What difference do dividends make?},
  author={Conover, C Mitchell and Jensen, Gerald R and Simpson, Marc W},
  journal={Financial Analysts Journal},
  volume={72},
  number={6},
  pages={28--40},
  year={2016},
  publisher={Taylor \& Francis}
}

@book{damodaran2004investment,
  title={Investment fables: Exposing the myths of" Can't Miss" investment strategies},
  author={Damodaran, Aswath},
  year={2004},
  publisher={FT Press}
}

@article{zhang2018portfolio,
  title={Portfolio selection problems with Markowitz’s mean--variance framework: a review of literature},
  author={Zhang, Yuanyuan and Li, Xiang and Guo, Sini},
  journal={Fuzzy Optimization and Decision Making},
  volume={17},
  pages={125--158},
  year={2018},
  publisher={Springer}
}

@article{markowitz1959portfolio,
  title={Portfolio Selection, 1952]: Portfolio Selection},
  author={Markowitz, Harry M},
  journal={Journal of Finance},
  year={1959}
}


@article{mcqueen1997does,
  title={Does the “Dow-10 Investment Strategy” beat the dow statistically and economically?},
  author={McQueen, Grant and Shields, Kay and Thorley, Steven R},
  journal={Financial Analysts Journal},
  volume={53},
  number={4},
  pages={66--72},
  year={1997},
  publisher={Taylor \& Francis}
}

@article{gordon1962,
  title={The savings investment and valuation of a corporation},
  author={Gordon, Myron J},
  journal={The Review of Economics and Statistics},
  pages={37--51},
  year={1962},
  publisher={JSTOR}
}


@article{suwanna2012impacts,
  title={Impacts of dividend announcement on stock return},
  author={Suwanna, Thanwarat},
  journal={Procedia-Social and Behavioral Sciences},
  volume={40},
  pages={721--725},
  year={2012},
  publisher={Elsevier}
}


@article{deangelo2006irrelevance,
  title={The irrelevance of the MM dividend irrelevance theorem},
  author={DeAngelo, Harry and DeAngelo, Linda},
  journal={Journal of financial economics},
  volume={79},
  number={2},
  pages={293--315},
  year={2006},
  publisher={Elsevier}
}

@article{gordon1963optimal,
  title={Optimal investment and financing policy},
  author={Gordon, Myron J},
  journal={The Journal of finance},
  volume={18},
  number={2},
  pages={264--272},
  year={1963},
  publisher={JSTOR}
}


@article{lintner1956distribution,
  title={Distribution of incomes of corporations among dividends, retained earnings, and taxes},
  author={Lintner, John},
  journal={The American economic review},
  volume={46},
  number={2},
  pages={97--113},
  year={1956},
  publisher={JSTOR}
}

@article{bhattacharyya2007dividend,
  title={Dividend policy: a review},
  author={Bhattacharyya, N},
  journal={Managerial Finance},
  volume={33},
  number={1},
  pages={4--13},
  year={2007},
  publisher={Emerald Group Publishing Limited}
}

@article{jensen1976theory,
  title={Theory of the firm: Managerial behavior, agency costs and ownership structure},
  author={Jensen, Michael C and Meckling, William H},
  journal={Journal of financial economics},
  volume={3},
  number={4},
  pages={305--360},
  year={1976},
  publisher={Elsevier}
}

@article{miller1985dividend,
  title={Dividend policy under asymmetric information},
  author={Miller, Merton H and Rock, Kevin},
  journal={The Journal of finance},
  volume={40},
  number={4},
  pages={1031--1051},
  year={1985},
  publisher={Wiley Online Library}
}

@article{10.2307/3694818,
 author = {Adam S. Koch and Amy X. Sun},
 journal = {The Journal of Finance},
 number = {5},
 pages = {2093--2116},
 publisher = {[American Finance Association, Wiley]},
 title = {Dividend Changes and the Persistence of past Earnings Changes},
 urldate = {2023-04-23},
 volume = {59},
 year = {2004}
}

@article{rangvid2014dividend,
  title={Dividend predictability around the world},
  author={Rangvid, Jesper and Schmeling, Maik and Schrimpf, Andreas},
  journal={Journal of Financial and Quantitative Analysis},
  volume={49},
  number={5-6},
  pages=1255--1277},
  year={2014},
  publisher={Cambridge University Press}
}

@article{cornell2014dividend,
  title={Dividend-price ratios and stock returns: International evidence},
  author={Cornell, Bradford},
  journal={Journal of Portfolio management},
  volume={40},
  number={2},
  pages={122},
  year={2014},
  publisher={Pageant Media}
}


@article{filbeck1997,
  title={Dividend yield strategies in the British stock market},
  author={Filbeck, Greg and Visscher, Sue},
  journal={The European Journal of Finance},
  volume={3},
  number={4},
  pages={277--289},
  year={1997},
  publisher={Taylor \& Francis}
}

@article{maio2015dividend,
  title={Dividend yields, dividend growth, and return predictability in the cross section of stocks},
  author={Maio, Paulo and Santa-Clara, Pedro},
  journal={Journal of Financial and Quantitative Analysis},
  volume={50},
  number={1-2},
  pages={33--60},
  year={2015},
  publisher={Cambridge University Press}
}

@article{ang2007stock,
  title={Stock return predictability: Is it there?},
  author={Ang, Andrew and Bekaert, Geert},
  journal={The Review of Financial Studies},
  volume={20},
  number={3},
  pages={651--707},
  year={2007},
  publisher={Oxford University Press}
}

@article{visscher2003dividend,
  title={Dividend-yield strategies in the Canadian stock market},
  author={Visscher, Sue and Filbeck, Greg},
  journal={Financial Analysts Journal},
  volume={59},
  number={1},
  pages={99--106},
  year={2003},
  publisher={Taylor \& Francis}
}

@article{brzeszczynski2007dividend,
  title={Dividend-driven trading strategies: evidence from the Warsaw stock exchange},
  author={Brzeszczy{\'n}ski, Janusz and Gajdka, Jerzy},
  journal={International Advances in Economic Research},
  volume={13},
  pages={285--300},
  year={2007},
  publisher={Springer}
}

@article{wang2011dogs,
  title={The dogs of the Dow in China},
  author={Wang, Carol and Larsen, James E and Ainina, M Fall and Akhbari, Marlena L and Gressis, Nicolas},
  journal={International Journal of Business and Social Science},
  volume={2},
  number={18},
  year={2011},
  publisher={Citeseer}
}

@article{lemmon2015dividend,
  title={Dividend yields and stock returns in Hong Kong},
  author={Lemmon, Michael L and Nguyen, Thanh},
  journal={Managerial Finance},
  volume={41},
  number={2},
  pages={164--181},
  year={2015},
  publisher={Emerald Group Publishing Limited}
}

@article{filbeck2017dividend,
  title={Dividend-yield strategies: A new breed of dogs},
  author={Filbeck, Greg and Holzhauer, Hunter M and Zhao, Xin},
  journal={The Journal of Investing},
  volume={26},
  number={2},
  pages={26--47},
  year={2017},
  publisher={Institutional Investor Journals Umbrella}
}

@article{robertson2006,
  title={Dividends, total cash flow to shareholders, and predictive return regressions},
  author={Robertson, Donald and Wright, Stephen},
  journal={Review of Economics and Statistics},
  volume={88},
  number={1},
  pages={91--99},
  year={2006},
  publisher={MIT Press 238 Main St., Suite 500, Cambridge, MA 02142-1046, USA journals~…}
}

@article{fama1988permanent,
  title={Permanent and temporary components of stock prices},
  author={Fama, Eugene F and French, Kenneth R},
  journal={Journal of political Economy},
  volume={96},
  number={2},
  pages={246--273},
  year={1988},
  publisher={The University of Chicago Press}
}


@article{vijayakumar2010effect,
  title={Effect of financial performance on share prices in the Indian corporate sector: An empirical study},
  author={Vijayakumar, A},
  journal={Management and Labour Studies},
  volume={35},
  number={3},
  pages={369--381},
  year={2010},
  publisher={SAGE Publications Sage India: New Delhi, India}
}


@article{masum2014dividend,
  title={Dividend policy and its impact on stock price--A study on commercial banks listed in Dhaka stock exchange},
  author={Masum, Abdullah},
  journal={Global disclosure of Economics and Business},
  volume={3},
  number={1},
  year={2014}
}

@article{hussainey2011dividend,
  title={Dividend policy and share price volatility: UK evidence},
  author={Hussainey, Khaled and Mgbame, Chijoke Oscar and Chijoke-Mgbame, Aruoriwo M},
  journal={The Journal of risk finance},
  volume={12},
  number={1},
  pages={57--68},
  year={2011},
  publisher={Emerald Group Publishing Limited}
}

@article{wesson2014market,
  title={Market underreaction to open market share repurchases on the JSE},
  author={Wesson, N and Muller, C and Ward, Michael},
  journal={South African Journal of Business Management},
  volume={45},
  number={4},
  pages={59--69},
  year={2014},
  publisher={AOSIS}
}

@article{manconi2014buybacks,
  title={Buybacks around the world},
  author={Manconi, Alberto and Peyer, Urs and Vermaelen, Theo},
  journal={European Corporate Governance Institute (ECGI)-Finance Working Paper},
  volume={436},
  year={2014}
}

@article{black1996dividend,
  title={The dividend puzzle},
  author={Black, Fischer},
  journal={Journal of Portfolio Management},
  pages={8},
  year={1996},
  publisher={Pageant Media}
}

@article{al2018revisiting,
  title={Revisiting Firm-Specific Determinants of Dividend Policy: Evidence from Turkey.},
  author={Al-Najjar, Basil and Kilincarslan, Erhan},
  journal={Economic issues},
  volume={23},
  number={1},
  pages={3--34},
  year={2018},
  publisher={Nottingham Trent University}
}

@book{van2013advanced,
  title={Advanced financial risk management: tools and techniques for integrated credit risk and interest rate risk management},
  author={Van Deventer, Donald R and Imai, Kenji and Mesler, Mark},
  year={2013},
  publisher={John Wiley \& Sons}
}

@article{baker1999corporate,
  title={How corporate managers view dividend policy},
  author={Baker, H Kent and Powell, Gary E},
  journal={Quarterly Journal of Business and Economics},
  pages={17--35},
  year={1999},
  publisher={JSTOR}
}