@article{fama1997,
  title={Industry costs of equity},
  author={Fama, Eugene F and French, Kenneth R},
  journal={Journal of financial economics},
  volume={43},
  number={2},
  pages={153--193},
  year={1997},
  publisher={Elsevier}
}


@article{grinold2000,
  title={Active portfolio management},
  author={Grinold, Richard C and Kahn, Ronald N},
  year={2000},
  publisher={McGraw Hill New York, NY}
}


  @article{suwanna2012impacts,
  title={Impacts of dividend announcement on stock return},
  author={Suwanna, Thanwarat},
  journal={Procedia-Social and Behavioral Sciences},
  volume={40},
  pages={721--725},
  year={2012},
  publisher={Elsevier}
}


@article{deangelo2006,
  title={The irrelevance of the MM dividend irrelevance theorem},
  author={DeAngelo, Harry and DeAngelo, Linda},
  journal={Journal of financial economics},
  volume={79},
  number={2},
  pages={293--315},
  year={2006},
  publisher={Elsevier}
}

@article{gordon1963optimal,
  title={Optimal investment and financing policy},
  author={Gordon, Myron J},
  journal={The Journal of finance},
  volume={18},
  number={2},
  pages={264--272},
  year={1963},
  publisher={JSTOR}
}

@article{black1976dividend,
  title={The dividend puzzle},
  author={Black, Fischer},
  journal={The journal of portfolio management},
  volume={2},
  number={2},
  pages={5--8},
  year={1976},
  publisher={Institutional Investor Journals Umbrella}
}

@article{lintner1956distribution,
  title={Distribution of incomes of corporations among dividends, retained earnings, and taxes},
  author={Lintner, John},
  journal={The American economic review},
  volume={46},
  number={2},
  pages={97--113},
  year={1956},
  publisher={JSTOR}
}

@article{bhattacharyya2007dividend,
  title={Dividend policy: a review},
  author={Bhattacharyya, N},
  journal={Managerial Finance},
  volume={33},
  number={1},
  pages={4--13},
  year={2007},
  publisher={Emerald Group Publishing Limited}
}

@article{jensen1976theory,
  title={Theory of the firm: Managerial behavior, agency costs and ownership structure},
  author={Jensen, Michael C and Meckling, William H},
  journal={Journal of financial economics},
  volume={3},
  number={4},
  pages={305--360},
  year={1976},
  publisher={Elsevier}
}

@article{miller1985dividend,
  title={Dividend policy under asymmetric information},
  author={Miller, Merton H and Rock, Kevin},
  journal={The Journal of finance},
  volume={40},
  number={4},
  pages={1031--1051},
  year={1985},
  publisher={Wiley Online Library}
}

@article{10.2307/3694818,
 author = {Adam S. Koch and Amy X. Sun},
 journal = {The Journal of Finance},
 number = {5},
 pages = {2093--2116},
 publisher = {[American Finance Association, Wiley]},
 title = {Dividend Changes and the Persistence of past Earnings Changes},
 urldate = {2023-04-23},
 volume = {59},
 year = {2004}
}

@article{rangvid2014dividend,
  title={Dividend predictability around the world},
  author={Rangvid, Jesper and Schmeling, Maik and Schrimpf, Andreas},
  journal={Journal of Financial and Quantitative Analysis},
  volume={49},
  number={5-6},
  pages={1255--1277},
  year={2014},
  publisher={Cambridge University Press}
}

@article{cornell2014dividend,
  title={Dividend-price ratios and stock returns: International evidence},
  author={Cornell, Bradford},
  journal={Journal of Portfolio management},
  volume={40},
  number={2},
  pages={122},
  year={2014},
  publisher={Pageant Media}
}

